
% Pokud potrebujeme BibTeXu napovedet, kde je nutne zachovat velka a mala 
% pismena, je potreba pouzit slozene zavorky {}. 
% Vetsinou jde o zkratky a vlastnich jmena, ktera nejsou na zacatku nazvu 
% publikace, pripadne o nazvy maker (viz napr. makro \LaTeX).

% Nekdy musime dlouhe URL odkazy zalamovat rucne, jak je ukazano nize.
% Vzdy ale uvedeme, kdy byla stranka naposledy aktualizovana, resp. pokud neni
% uvedeno, datum, kdy jsme udaje z ni nacerpali.

@ONLINE{vanocenainternetu,
  author = "APEK",
  title = "Rekordní Vánoce na internetu",
  cited = "4.\,1.\,2011",
  year =  2011,
  url  = "http://www.apek.cz/8477/2176/clanek/rekordni-vanoce-na-internetu/"
  }

 
@ONLINE{wiki:modular-programming,
  author = "{Přispěvatelé Wikipedie}",
  title = "Modular Programming",
  cited = "25.\,2.\,2011",
  year =  2011,
  url  = "http://en.wikipedia.org/wiki/Modular_programming"
  }

@ONLINE{wiki:design-pattern-computer-science,
  author = "{Přispěvatelé Wikipedie}",
  title = "Design Pattern",
  cited = "25.\,2.\,2011",
  year =  2011,
  url  = "http://en.wikipedia.org/wiki/Design_pattern_(computer_science)"
  }

@ONLINE{wiki:software-framework,
  author = "{Přispěvatelé Wikipedie}",
  title = "Software framework",
  cited = "25.\,2.\,2011",
  year =  2011,
  url  = "http://en.wikipedia.org/wiki/Software_framework"
  }


@ONLINE{phpmanual,
  author = "{PHP Documentation authors, see Credits}",
  title = "PHP History",
  cited = "8.\,12.\,2011",
  year =  2011,
  url  = "http://www.php.net/manual/en/history.php.php"
  }

@ONLINE{wiki:frameworks,
  author = "{Wikipedia Contributors}",
  title = "Comparison of Web Application Frameworks",
  cited = "8.\,12.\,2011",
  year =  2011,
  url  = "http://en.wikipedia.org/wiki/Comparison_of_web_application_frameworks"
  }
  



@ONLINE{netframework,
  author = "{Microsoft}",
  title = ".NET Framework Conceptual Overview",
  cited = "8.\,12.\,2011",
  year =  2011,
  url  = "http://msdn.microsoft.com/library/zw4w595w.aspx"
  }  
 
@ONLINE{aspnet,
  author = "{Microsoft}",
  title = "ASP.NET Overview",
  cited = "8.\,12.\,2011",
  year =  2011,
  url  = "http://msdn.microsoft.com/en-us/library/4w3ex9c2.aspx"
  }  
  
@ONLINE{asp_net_mvc,
  author = "{Microsoft}",
  title = "ASP.NET MVC Framework Overview",
  cited = "8.\,12.\,2011",
  year =  2011,
  url  = "http://msdn.microsoft.com/en-us/library/dd381412(v=VS.98).aspx"
  }   
  
@ONLINE{javaweb,
  author = "Dana Nourie",
  title = "Java Technologies for Web Applications",
  cited = "8.\,12.\,2011",
  year =  2006,
  url  = "http://www.oracle.com/technetwork/articles/javase/webapps-1-138794.html"
  }   
  
@ONLINE{wiki:ide,
  author = "{Přispěvatelé Wikipedie}",
  title = "Comparison of integrated development environments",
  cited = "29.\,11.\,2011",
  year =  2011,
  url  = "http://en.wikipedia.org/wiki/Comparison_of_integrated_development_environments\#Java"
  }

@ONLINE{wiki:perl,
  author = "{Přispěvatelé Wikipedie}",
  title = "Perl",
  cited = "25.\,2.\,2011",
  year =  2011,
  url  = "http://en.wikipedia.org/wiki/Perl"
  }
 
@ONLINE{wiki:python,
  author = "{Přispěvatelé Wikipedie}",
  title = "Python",
  cited = "13.\,10.\,2011",
  year =  2011,
  url  = "http://en.wikipedia.org/wiki/Python"
  }
  
@ONLINE{wiki:ror,
  author = "{Přispěvatelé Wikipedie}",
  title = "Ruby on rails",
  cited = "13.\,10.\,2011",
  year =  2011,
  url  = "http://en.wikipedia.org/wiki/Ruby_on_Rails"
  }
  
@ONLINE{injection,
  author = "{Martin Fowler}",
  title = "Inversion of Control Containers and the Dependency Injection pattern",
  cited = "15.\,12.\,2011",
  year =  2011,
  url  = "http://martinfowler.com/articles/injection.html"
  }  
  
  
@ONLINE{efintro,
  author = "{Microsoft}",
  title = "ADO.NET Entity Framework At-a-Glance",
  cited = "15.\,12.\,2011",
  year =  2011,
  url  = "http://msdn.microsoft.com/cs-cz/data/aa937709"
  }  

@Book{PEAA,
  author =       "Martin Fowler and {et. al.}",
  title =        "Patterns of Enterprise Aplication Architecture",
  publisher =    "Addison Wesley",
  edition =      "1st",
  year   = 	     2002,
  note =	     "In English",
}

@Book{POSA,
  author =       "Frank Buschmann and Regine Meunier and Hans Rohnert and Peter Sommerlad and Michael Stal",
  title =        "Pattern-Oriented Software Architecture, Volume 1 - A System of Patterns",
  publisher =    "John Wiley \& Sons",
  year   = 	     1996,
  note =	     "In English",
}

@Book{GOF,
  author =       "Erich {Gamma} and Richard {Helm} and Ralph {Johnson} and John {Vlissides}",
  title =        "Design Patterns - Elements of Reusable Object-Oriented Software",
  publisher =    "Addison Wesley",
  year   = 	     1998,
  note =	     "In English",
}

@Article{IEEE1471,
  author =       "{IEEE Std 1471-2000}",
  title =        "IEEE Recommended Practice for Architectural Description of Software-Intensive Systems",
  page =        "3",
  year =         2000,
}


@ONLINE{hostingy,
  author = "{Provozovatelé two bits s.r.o}",
  title = "Jak vybírat hosting",
  cited = "9.\,12.\,2011",
  year =  2011,
  url  = "http://www.hostingy.cz/navody-a-tipy-jak-vybirat-webhosting.html"
  }

@Book{MVC1,
  author =       "Jon {Galloway} and Phil {Haack} and Brad {Wilson} and K Scott {Allen}",
  title =        "Professional ASP.NET MVC 3",
  publisher =    "WROX",
  edition =      "1st",
  isbn =         "1118076583",
  year   = 	     2011,
  note =	     "In English",
}

@Book{MVC2,
  author =       "Steven {Sanderson} and Adam {Freeman}",
  title =        "Pro ASP.NET MVC 3 Framework",
  publisher =    "Apress",
  edition =      "3rd",
  isbn =         "1430234040",
  year   = 	     2011,
  note =	     "In English",
}

@ONLINE{NOPE,
  author = "Skyler {Severns}",
  title = "nopCommerce Plugin with Data Access",
  cited = "9.\,30.\,2011",
  year =  2011,
  url  = "http://blog.csharpwebdeveloper.com/2011/09/23/nopcommerce-plugin-with-data-access/"
  }
  
@ONLINE{resources,
  author = "Michèle Leroux {Bustamante}",
  title = "Extending the ASP.NET 2.0 Resource-Provider Model",
  cited = "5.\,21.\,2011",
  year =  2006,
  url  = "http://msdn.microsoft.com/en-us/library/aa905797.aspx"
  }  

@ONLINE{musicstore,
  author = "Scott Hanselman and Jon Galloway",
  title = "MVC Music Store",
  cited = "12.\,21.\,2011",
  year =  2011,
  url  = "http://www.asp.net/mvc/tutorials/mvc-music-store/"
  }   


@ONLINE{shazwazza,
  author = "Shannon Deminick",
  title = "Developing a plugin framework in ASP.NET MVC with medium trust",
  cited = "17.\,5.\,2011",
  year =  2011,
  url  = "http://shazwazza.com/post/Developing-a-plugin-framework-in-ASPNET-with-medium-trust.aspx"
  }

@ONLINE{kolari,
  author = "Mika Kolari",
  title = "ASP.NET MVC 3 plugin architecture with embedded Razor views",
  cited = "20.\,5.\,2011",
  year =  2011,
  url  = "http://mikakolari.fi/2011/02/aspnetmvc-3-plugin-architecture-with-embedded-razor-views/"
  }
  
  